@book{Stump16,
 author = {Stump, Aaron},
 title = {Verified Functional Programming in Agda},
 year = {2016},
 isbn = {978-1-97000-127-3},
 publisher = {Association for Computing Machinery and Morgan Claypool},
 address = {New York, NY, USA}
}

@book{plfa2019,
  author = {Philip Wadler and Wen Kokke},
  title  = {Programming Language Foundations in Agda},
  year   = {2019},
  Note   = {Available at \url{http://plfa.inf.ed.ac.uk/}},
}

@phdthesis{norell:thesis,
  author  = {Ulf Norell},
  title	  = {Towards a practical programming language based on dependent type
	     theory},
  school  = {Department of Computer Science and Engineering, Chalmers University of Technology},
  year	  = 2007,
  month	  = {September},
  address = {SE-412 96 G\"{o}teborg, Sweden}
}


@inproceedings{harrison2003formal,
  title={Formal verification at intel},
  author={Harrison, John},
  booktitle={18th Annual IEEE Symposium of Logic in Computer Science, 2003. Proceedings.},
  pages={45--54},
  year={2003},
  organization={IEEE}
}

@article{leveson1993investigation,
  title={An investigation of the Therac-25 accidents},
  author={Leveson, Nancy G and Turner, Clark S},
  journal={Computer},
  volume={26},
  number={7},
  pages={18--41},
  year={1993},
  publisher={IEEE}
}


@book{baier2008principles,
  title={Principles of model checking},
  author={Baier, Christel and Katoen, Joost-Pieter},
  year={2008},
  publisher={MIT press}
}


@article{DBLP:journals/corr/abs-1711-09286,
  author    = {Antal Spector{-}Zabusky and
               Joachim Breitner and
               Christine Rizkallah and
               Stephanie Weirich},
  Title     = {Total Haskell is Reasonable Coq},
  journal   = {CoRR},
  volume    = {abs/1711.09286},
  year      = {2017},
  url       = {http://arxiv.org/abs/1711.09286},
  archivePrefix = {arXiv},
  eprint    = {1711.09286},
  timestamp = {Mon, 13 Aug 2018 16:46:29 +0200},
  biburl    = {https://dblp.org/rec/bib/journals/corr/abs-1711-09286},
  bibsource = {dblp computer science bibliography, https://dblp.org}
}

@misc{HUnit,
  title = {{HUnit}},
  howpublished = {\url{https://github.com/hspec/HUnit}},
  note = {Accedido: 2019-11-16}
}


@misc{HUnit,
  title = {{HUnit}},
  howpublished = {\url{https://github.com/hspec/HUnit}},
  note = {Accedido: 2019-11-16}
}

@article{claessen2011quickcheck,
  title={QuickCheck: a lightweight tool for random testing of Haskell programs},
  author={Claessen, Koen and Hughes, John},
  journal={Acm sigplan notices},
  volume={46},
  number={4},
  pages={53--64},
  year={2011},
  publisher={ACM}
}


@inproceedings{haftmann2010higher,
  title={From higher-order logic to Haskell: there and back again},
  author={Haftmann, Florian},
  booktitle={Proceedings of the 2010 ACM SIGPLAN workshop on Partial evaluation and program manipulation},
  pages={155--158},
  year={2010},
  organization={ACM}
}

@article{lindley2014hasochism,
  title={Hasochism: the pleasure and pain of dependently typed Haskell programming},
  author={Lindley, Sam and McBride, Conor},
  journal={ACM SIGPLAN Notices},
  volume={48},
  number={12},
  pages={81--92},
  year={2014},
  publisher={ACM}
}

@book{bertot2013interactive,
  title={Interactive theorem proving and program development: Coq’Art: the calculus of inductive constructions},
  author={Bertot, Yves and Cast{\'e}ran, Pierre},
  year={2013},
  publisher={Springer Science \& Business Media}
}

@book{nordstrom1990programming,
  title={Programming in Martin-L{\"o}f’s type theory},
  author={Nordstr{\"o}m, Bengt and Petersson, Kent and Smith, Jan M},
  volume={200},
  year={1990},
  publisher={Oxford University Press Oxford}
}


@book{martin1984intuitionistic,
  title={Intuitionistic type theory},
  author={Martin-L{\"o}f, Per and Sambin, Giovanni},
  volume={9},
  year={1984},
  publisher={Bibliopolis Naples}
}

@article{wadler2015propositions,
  title={Propositions as types.},
  author={Wadler, Philip},
  journal={Commun. ACM},
  volume={58},
  number={12},
  pages={75--84},
  year={2015}
}


@article{mcbride2002faking,
  title={Faking it Simulating dependent types in Haskell},
  author={McBride, Conor},
  journal={Journal of functional programming},
  volume={12},
  number={4-5},
  pages={375--392},
  year={2002},
  publisher={Cambridge University Press}
}

@article{brady2013idris,
  title={Idris, a general-purpose dependently typed programming language: Design and implementation},
  author={Brady, Edwin},
  journal={Journal of functional programming},
  volume={23},
  number={5},
  pages={552--593},
  year={2013},
  publisher={Cambridge University Press}
}